%PART II
@ARTICLE{adams,
    author = {J. F. Adams},
    title = {On the structure and applications of the Steenrod algebra},
    journal = {Comm. Math. Helv.},
    volume = {32},
    year = {1958},
    pages = {180--214},
}
@MISC{adams2,
    author = {J. F. Adams},
    title = {S.P. Novikov's work on operations on complex cobordism},
    school = {University of Chicago},
    year = {1967},
}
@ARTICLE{adams3,
    author = {J.F. Adams},
    title = {Lectures on generalized cohomology},
    journal = {Lecture Notes in Mathematics},
    volume = {99},
    publisher = {Springer-Verlag Berlin-Heidelberg-New York},
    year = {1969},
}

@ARTICLE{atiyahbott,
    author = {M.F. Atiyah and R. Bott},
    title = {On the periodilocation theorem for complex vector bundles},
    journal = {Acta Math.},
    volume = {112},
    year = {1964},
    pages = {229--247},
}

@MISC{boardman,
    author = {J.M. Boardman},
    title = {Thesis},
    location = {Cambridge},
    year = {1964},
}

@ARTICLE{boardman2,
    author = {J.M. Boardman},
    title = {Stable homotopy theory},
    note = {mimeographed notes},
    institution = {University of Warwick},
    year = {1965},
}

@ARTICLE{brownpeterson,
    author = {E. H. Brown Jr. and F. P. Peterson},
    title = {A spectrum whose $\mathbb Z_p$ cohomology is the algebra of reduced $p$-th powers},
    journal = {Topology},
    volume = {5},
    year = {1966},
    pages = {149--154},
}

@ARTICLE{frolich,
    author = {A. Frölich},
    title = {Formal Groups},
    journal = {Lecture Notes in Mathematics},
    volume = {74},
    year = {1968},
    publisher = {Springer-Verlag Berlin-Heidelberg-New York},
}

@ARTICLE{hattori,
    author = {A. Hattori},
    title = {Integral characteristic numbers for weakly almost complex manifolds},
    journal = {Topology},
    volume = {5},
    year = {1966},
    pages = {259--280},
}

@ARTICLE{lazard,
    author = {M. Lazard},
    title = {Sur les groupes de Lie formels à un paramètre},
    journal = {Bull. Soc. Math. France},
    volume = {83},
    year = {1955},
    pages = {251--274},
}

@ARTICLE{milnor,
    author = {J. W. Milnor},
    title = {The Steenrod algebra and its dual},
    journal = {Annals of Math.},
    volume = {67},
    year = {1958},
    pages = {150--171},
}

@ARTICLE{milnor2,
    author = {J. W. Milnor},
    title = {On the cobordism $\Omega^\ast$ and a complex analogue},
    journal = {Amer. Jour. Math},
    volume = {82},
    year = {1960},
    pages = {505--521},
}
 
@ARTICLE{novikov,
    author = {S.P. Novikov},
    title = {The methods of algebraic topology from the viewpoint of cobordism theories (Russian)},
}

@ARTICLE{quillen,
    author = {D. Quillen},
    title = {On the formal group laws of unoriented and complex cobordism theory},
    journal = {Bull. Amer. Math. Soc},
    volume = {75},
    year = {1969},
    pages = {1293--1298},
}

@MISC{smith,
    author = {L. Smith},
    note = {Private communication},
}

@ARTICLE{stong,
    author = {R.E. Stong},
    title = {Relations among characteristic numbers I},
    journal = {Topology},
    volume = {4},
    year = {1965},
    pages = {267--281},
}

@ARTICLE{whitehead,
    author = {G.W. Whitehead},
    title = {Generalized homotopy theories},
    journal = {Trans. Amer. Math. Soc},
    volume = {102},
    year = {1962},
    pages = {227--283},
}

%PART III

%[the first reference is repeated from Part II and has been omitted for now]

@ARTICLE{atiyahhirzebruch,
    author = {M.F. Atiyah and F. Hirzebruch},
    title = {Riemann-Roch theorems for differentiable manifolds},
    journal = {Bull. AMS},
    volume = {65},
    year = {1959},
    pages = {276--281},
}

@ARTICLE{brown,

}

@ARTICLE{connerfloyd,
    author = {P.E. Conner and E.E. Floyd},
    title = {The Relation of Cobordism to K-theories},
    journal = {Lecture Notes in Mathematics},
    volume = {28},
    year = {1966},
    publisher = {Springer-Verlag Berlin-Heidelberg-New York},
}

@BOOK{eilenbergsteenrod,
    author = {S. Eilenberg and N.E. Steenrod},
    title = {Foundations of Algebraic Topology},
    publisher = {Princeton University Press},
    location = {Princeton},
    year = {1952},
}

@PHDTHESIS{lima,
    author = {E.L. Lima},
    title = {Duality and Potnikov invariants},
    school = {University of Chicago},
    address = {Chicago},
    year = {1958},
}

@ARTICLE{maclane,
    author = {S. Maclane},
    title = {Natural associativity and commutativity},
    journal = {Rice University Studies},
    volume = {49},
    number = {4},
    year = {1963},
}


@ARTICLE{massey,
    author = {W.S. Massey},
    title = {Exact couples in algebraic topology},
}

@BOOK{moshertangora,
    author = {R. Mosher and M. Tangora},
    title = {Cohomology Operations and Applications in Homotopy Theory},
    publisher = {Harper and Row},
    location = {New York},
    year = {1968},
}

@ARTICLE{novikov2,
    author = {S.P. Novikov},
    title = {Rings of operations and spectral sequences},
    journal = {Doklady Akademii Nauk SSSR},
    volume = {172},
    year = {1967},
    pages = {33--36},
}

%TODO: fix title, this isn't right
@ARTICLE{novikov3,
    author = {S.P. Novikov},
    title = {Izvestija Akademii Nauk SSSR},
    journal = {Serija Maternaticeskaja},
    volume = {31},
    year = {1967},
    pages = {885--991},
}

@BOOK{spanier,
    author = {E. H. Spanier},
    title = {Algebraic Topology},
    publisher = {McGraw-Hill},
    location = {New York},
    year = {1966},
}

@BOOK{steenrodepstein,
    author = {N. E. Steenrod and D.B.A Epstein},
    title = {Cohomology Operations},
    publisher = {Princeton University Press},
    location = {Princeton},
    year = {1962},
}

@ARTICLE{stong2,
    author = {R. Stong},
    title = {Notes on Cobordism Theory},
    journal = {Math. Notes},
    publisher = {Princeton University Press},
    location = {Princeton},
    year = {1968},
}

%[this reference is repeated from Part II and has been omitted for now]

@ARTICLE{whitehead2,
    author = {G. W. Whitehead},
    title = {Homotopy Groups of Joints and Unions},
    journal = {Trans. Amer. Math. Soc},
    volume = {83},
    year = {1956},
    pages = {55--69},
}